<?xml version="1.0" encoding="UTF-8"?>
<?oxygen RNGSchema="http://socialarchive.iath.virginia.edu/shared/cpf.rng" type="xml"?>
<eac-cpf xmlns="urn:isbn:1-931666-33-4">
   <control>
      <recordId>CtY-BR-3248834.c</recordId>
      <maintenanceStatus>new</maintenanceStatus>
      <maintenanceAgency>
         <agencyName>SNAC: Social Networks and Archival Context Project</agencyName>
      </maintenanceAgency>
      <languageDeclaration>
         <language languageCode="eng">English</language>
         <script scriptCode="Zyyy">Unknown</script>
      </languageDeclaration>
      <maintenanceHistory>
         <maintenanceEvent>
            <eventType>created</eventType>
            <eventDateTime standardDateTime="2015-01-07T13:21:05.028-05:00"/>
            <agentType>machine</agentType>
            <agent>XSLT oclc_marc2cpf.xsl Saxonica 2.0 http://www.saxonica.com/</agent>
            <eventDescription>Derived from MARC</eventDescription>
         </maintenanceEvent>
      </maintenanceHistory>
      <sources>
         <source xmlns:xlink="http://www.w3.org/1999/xlink"
                 xlink:href="http://www.worldcat.org/oclc/3248834"
                 xlink:type="simple">
            <objectXMLWrap>
               <marc:record xmlns:xsi="http://www.w3.org/2001/XMLSchema-instance"
                            xmlns:marc="http://www.loc.gov/MARC21/slim">
                  <marc:leader>01766cpc a2200421 a 4500</marc:leader>
                  <marc:controlfield tag="001">3248834</marc:controlfield>
                  <marc:controlfield tag="005">20110505111855.0</marc:controlfield>
                  <marc:controlfield tag="008">910920i19041961ctu||          | |||eng d</marc:controlfield>
                  <marc:datafield tag="035" ind1=" " ind2=" ">
                     <marc:subfield code="a">(OCoLC)ocn702219464</marc:subfield>
                  </marc:datafield>
                  <marc:datafield tag="035" ind1=" " ind2=" ">
                     <marc:subfield code="9">(YUL)ead.beinecke.groesbec</marc:subfield>
                  </marc:datafield>
                  <marc:datafield tag="035" ind1=" " ind2=" ">
                     <marc:subfield code="9">FGL2895YL</marc:subfield>
                  </marc:datafield>
                  <marc:datafield tag="035" ind1=" " ind2=" ">
                     <marc:subfield code="a">3248834</marc:subfield>
                  </marc:datafield>
                  <marc:datafield tag="040" ind1=" " ind2=" ">
                     <marc:subfield code="a">CtY-BR</marc:subfield>
                     <marc:subfield code="c">CtY-BR</marc:subfield>
                     <marc:subfield code="e">appm</marc:subfield>
                  </marc:datafield>
                  <marc:datafield tag="079" ind1=" " ind2=" ">
                     <marc:subfield code="a">ocn702131627</marc:subfield>
                  </marc:datafield>
                  <marc:datafield tag="100" ind1="1" ind2=" ">
                     <marc:subfield code="a">Groesbeck, Amy.</marc:subfield>
                  </marc:datafield>
                  <marc:datafield tag="245" ind1="1" ind2="0">
                     <marc:subfield code="a">Amy Groesbeck papers,</marc:subfield>
                     <marc:subfield code="f">1904-1961 (inclusive)</marc:subfield>
                  </marc:datafield>
                  <marc:datafield tag="300" ind1=" " ind2=" ">
                     <marc:subfield code="a">2.75</marc:subfield>
                     <marc:subfield code="f">linear ft. (4 boxes)</marc:subfield>
                  </marc:datafield>
                  <marc:datafield tag="351" ind1=" " ind2=" ">
                     <marc:subfield code="a">Two series: I. Writings, 1909-1961. II. Other Papers, 1904-1960.</marc:subfield>
                  </marc:datafield>
                  <marc:datafield tag="506" ind1=" " ind2=" ">
                     <marc:subfield code="3">Box 4, folder 46:</marc:subfield>
                     <marc:subfield code="a">Restricted fragile material.  Reference surrogates have been substituted in the main files.  For further information consult the appropriate curator.</marc:subfield>
                  </marc:datafield>
                  <marc:datafield tag="545" ind1=" " ind2=" ">
                     <marc:subfield code="a">Amy Bredish Groesbeck (1894-1961) was a poet and playwright.</marc:subfield>
                  </marc:datafield>
                  <marc:datafield tag="520" ind1=" " ind2=" ">
                     <marc:subfield code="a">The papers contain poetry, drama, personal papers, and photographs documenting the life of Amy Groesbeck.</marc:subfield>
                  </marc:datafield>
                  <marc:datafield tag="555" ind1="0" ind2=" ">
                     <marc:subfield code="a">Finding aid available.</marc:subfield>
                  </marc:datafield>
                  <marc:datafield tag="561" ind1=" " ind2=" ">
                     <marc:subfield code="a">Bequest of Amy Bradish Groesbeck, 1962.</marc:subfield>
                  </marc:datafield>
                  <marc:datafield tag="524" ind1=" " ind2=" ">
                     <marc:subfield code="a">Amy Groesbeck Papers, American Literature Collection, Beinecke Rare Book and Manuscript Library.</marc:subfield>
                  </marc:datafield>
                  <marc:datafield tag="588" ind1=" " ind2=" ">
                     <marc:subfield code="a">Copyright 2013 Yale University Library. Licensed under the Educational Community License, Version 2.0 (the "License"); you may not use this file except in compliance with the License. You may obtain a copy of the License at http://www.osedu.org/licenses/ECL-2.0</marc:subfield>
                  </marc:datafield>
                  <marc:datafield tag="600" ind1="1" ind2="0">
                     <marc:subfield code="a">Groesbeck, Amy.</marc:subfield>
                  </marc:datafield>
                  <marc:datafield tag="650" ind1=" " ind2="0">
                     <marc:subfield code="a">Authors, American.</marc:subfield>
                  </marc:datafield>
                  <marc:datafield tag="650" ind1=" " ind2="0">
                     <marc:subfield code="a">Poetry, Modern</marc:subfield>
                     <marc:subfield code="y">20th century.</marc:subfield>
                  </marc:datafield>
                  <marc:datafield tag="651" ind1=" " ind2="0">
                     <marc:subfield code="a">New York (N.Y.)</marc:subfield>
                  </marc:datafield>
                  <marc:datafield tag="655" ind1=" " ind2="7">
                     <marc:subfield code="a">Journals.</marc:subfield>
                     <marc:subfield code="2">ftamc</marc:subfield>
                  </marc:datafield>
                  <marc:datafield tag="655" ind1=" " ind2="7">
                     <marc:subfield code="a">Plays.</marc:subfield>
                     <marc:subfield code="2">ftamc</marc:subfield>
                  </marc:datafield>
                  <marc:datafield tag="655" ind1=" " ind2="7">
                     <marc:subfield code="a">Poems.</marc:subfield>
                     <marc:subfield code="2">ftamc</marc:subfield>
                  </marc:datafield>
                  <marc:datafield tag="655" ind1=" " ind2="7">
                     <marc:subfield code="a">Scrapbooks.</marc:subfield>
                     <marc:subfield code="2">ftamc</marc:subfield>
                  </marc:datafield>
                  <marc:datafield tag="656" ind1=" " ind2="7">
                     <marc:subfield code="a">Authors.</marc:subfield>
                     <marc:subfield code="2">lcsh</marc:subfield>
                  </marc:datafield>
                  <marc:datafield tag="851" ind1=" " ind2=" ">
                     <marc:subfield code="a">Beinecke Rare Book and Manuscript Library,</marc:subfield>
                     <marc:subfield code="c">Box 1603A Yale Station, New Haven, CT 06520.</marc:subfield>
                  </marc:datafield>
                  <marc:datafield tag="856" ind1="4" ind2="2">
                     <marc:subfield code="3">View a description and list of collection contents in the Yale Finding Aid Database.</marc:subfield>
                     <marc:subfield code="u">http://hdl.handle.net/10079/fa/beinecke.groesbec</marc:subfield>
                  </marc:datafield>
                  <marc:datafield tag="927" ind1=" " ind2=" ">
                     <marc:subfield code="a">19990816RO</marc:subfield>
                  </marc:datafield>
                  <marc:datafield tag="928" ind1=" " ind2=" ">
                     <marc:subfield code="a">AC11231999</marc:subfield>
                  </marc:datafield>
                  <marc:datafield tag="948" ind1=" " ind2=" ">
                     <marc:subfield code="a">bps</marc:subfield>
                  </marc:datafield>
               </marc:record>
            </objectXMLWrap>
         </source>
      </sources>
   </control>
   <cpfDescription>
      <identity>
         <entityType>person</entityType>
         <nameEntry xml:lang="en-Latn">
            <part>Groesbeck, Amy.</part>
            <authorizedForm>WorldCat</authorizedForm>
         </nameEntry>
      </identity>
      <description>
         <existDates>
            <dateRange>
               <fromDate localType="http://socialarchive.iath.virginia.edu/control/term#Active"
                         standardDate="1904">active 1904</fromDate>
               <toDate localType="http://socialarchive.iath.virginia.edu/control/term#Active"
                       standardDate="1961">active 1961</toDate>
            </dateRange>
         </existDates>
         <occupation>
            <term>Authors.</term>
         </occupation>
         <localDescription localType="http://socialarchive.iath.virginia.edu/control/term#AssociatedSubject">
            <term>Authors, American</term>
         </localDescription>
         <localDescription localType="http://socialarchive.iath.virginia.edu/control/term#AssociatedSubject">
            <term>Poetry, Modern--20th century</term>
         </localDescription>
         <place localType="http://socialarchive.iath.virginia.edu/control/term#AssociatedPlace">
            <placeEntry>New York (N.Y.)</placeEntry>
         </place>
         <biogHist>
            <p>Amy Bredish Groesbeck (1894-1961) was a poet and playwright.</p>
            <citation>From the description of Amy Groesbeck papers, 1904-1961 (inclusive) (Yale University, Beinecke Rare Book and Manuscript Library). WorldCat record id: 3248834</citation>
         </biogHist>
      </description>
      <relations>
         <resourceRelation xmlns:xlink="http://www.w3.org/1999/xlink"
                           xlink:arcrole="http://socialarchive.iath.virginia.edu/control/term#creatorOf"
                           xlink:role="http://socialarchive.iath.virginia.edu/control/term#ArchivalResource"
                           xlink:type="simple"
                           xlink:href="http://www.worldcat.org/oclc/3248834">
            <relationEntry>Groesbeck, Amy. Amy Groesbeck papers, 1904-1961 (inclusive)</relationEntry>
            <objectXMLWrap>
               <mods xmlns="http://www.loc.gov/mods/v3">
                  <recordInfo>
                     <recordOrigin>WorldCat:3248834</recordOrigin>
                     <recordContentSource>ISIL:CtY-BR</recordContentSource>
                  </recordInfo>
                  <name>
                     <namePart>Groesbeck, Amy.</namePart>
                     <role>
                        <roleTerm valueURI="http://id.loc.gov/vocabulary/relators/cre">Creator</roleTerm>
                     </role>
                  </name>
                  <titleInfo>
                     <title>Amy Groesbeck papers, 1904-1961 (inclusive)</title>
                  </titleInfo>
                  <abstract>The papers contain poetry, drama, personal papers, and photographs documenting the life of Amy Groesbeck. </abstract>
                  <name>
                     <namePart>Yale University, Beinecke Rare Book and Manuscript Library</namePart>
                     <role>
                        <roleTerm valueURI="http://id.loc.gov/vocabulary/relators/rps">Repository</roleTerm>
                     </role>
                  </name>
               </mods>
            </objectXMLWrap>
            <descriptiveNote>
               <p>
                  <span localType="http://socialarchive.iath.virginia.edu/control/term#Leader06">p</span>
                  <span localType="http://socialarchive.iath.virginia.edu/control/term#Leader07">c</span>
                  <span localType="http://socialarchive.iath.virginia.edu/control/term#Leader08"> </span>
               </p>
            </descriptiveNote>
         </resourceRelation>
      </relations>
   </cpfDescription>
</eac-cpf>
